
@inproceedings{Moore:2013:ESK:2463372.2463402,
 author = {Moore, Jared M. and Clark, Anthony J. and McKinley, Philip K.},
 title = {Evolution of Station Keeping As a Response to Flows in an Aquatic Robot},
 booktitle = {Proceeding of the Fifteenth Annual Conference on Genetic and Evolutionary Computation Conference},
 series = {GECCO '13},
 year = {2013},
 isbn = {978-1-4503-1963-8},
 location = {Amsterdam, The Netherlands},
 pages = {239--246},
 numpages = {8},
 url = {http://doi.acm.org.ezproxy.morris.umn.edu/10.1145/2463372.2463402},
 doi = {10.1145/2463372.2463402},
 acmid = {2463402},
 publisher = {ACM},
 address = {New York, NY, USA},
 keywords = {application, aquatic robotics, evolutionary robotics, neural network, neuroevolution, simulation, station keeping},
} 

@inproceedings{Farchy:2013:HRL:2484920.2484930,
 author = {Farchy, Alon and Barrett, Samuel and MacAlpine, Patrick and Stone, Peter},
 title = {Humanoid Robots Learning to Walk Faster: From the Real World to Simulation and Back},
 booktitle = {Proceedings of the 2013 International Conference on Autonomous Agents and Multi-agent Systems},
 series = {AAMAS '13},
 year = {2013},
 isbn = {978-1-4503-1993-5},
 location = {St. Paul, MN, USA},
 pages = {39--46},
 numpages = {8},
 url = {http://dl.acm.org.ezproxy.morris.umn.edu/citation.cfm?id=2484920.2484930},
 acmid = {2484930},
 publisher = {International Foundation for Autonomous Agents and Multiagent Systems},
 address = {Richland, SC},
 keywords = {bipedal robotics, simulation machine learning},
} 

@inproceedings{Pretorius:2009:TAN:1632149.1632171,
 author = {Pretorius, Christiaan J. and du Plessis, Mathys C. and Cilliers, Charmain B.},
 title = {Towards an Artificial Neural Network-based Simulator for Behavioural Evolution in Evolutionary Robotics},
 booktitle = {Proceedings of the 2009 Annual Research Conference of the South African Institute of Computer Scientists and Information Technologists},
 series = {SAICSIT '09},
 year = {2009},
 isbn = {978-1-60558-643-4},
 location = {Vanderbijlpark, Emfuleni, South Africa},
 pages = {170--178},
 numpages = {9},
 url = {http://doi.acm.org.ezproxy.morris.umn.edu/10.1145/1632149.1632171},
 doi = {10.1145/1632149.1632171},
 acmid = {1632171},
 publisher = {ACM},
 address = {New York, NY, USA},
 keywords = {Lego mindstorms, evolutionary robotics, simulator neural networks},
} 


@Book{Sipper2011Win,
author = {Moshe Sipper},
title = {Evolved to Win},
year = {2011},
publisher = {Lulu},
note = {available at http://www.lulu.com/}
}

@misc{ wiki:artificalNeuralNetworks,
   author = "Wikipedia",
   title = "Artificial neural network --- Wikipedia{,} The Free Encyclopedia",
   year = "2014",
   url = "http://en.wikipedia.org/w/index.php?title=Artificial_neural_network&oldid=601387391",
   note = "[Online; accessed 26-March-2014]"
 }

@misc{ wiki:GeneticAlgorithms,
   author = "Wikipedia",
   title = "Genetic algorithm --- Wikipedia{,} The Free Encyclopedia",
   year = "2014",
   url = "http://en.wikipedia.org/w/index.php?title=Genetic_algorithm&oldid=597433223",
   note = "[Online; accessed 7-March-2014]"
 }

@misc{ wiki:robotics,
   author = "Wikipedia",
   title = "Artificial neural network --- Wikipedia{,} The Free Encyclopedia",
   year = "2014",
   url = "http://en.wikipedia.org/w/index.php?title=Artificial_neural_network&oldid=601387391",
   note = "[Online; accessed 26-March-2014]"
 }